@Manual{r,
     title = {R: A Language and Environment for Statistical Computing},
     author = {{R Core Team}},
    organization = {R Foundation for Statistical Computing},
    address = {Vienna, Austria},
     year = {2022},
     url = {https://www.R-project.org/},
   }

@Article{data,
	author={Henderson and Velleman},
	year={1981},
	title={Building multipleregression models interactively},
	journal={Biometrics},
	issue={37},
	pages={391-411}
}
@Book{car,
    title = {An {R} Companion to Applied Regression},
    edition = {Third},
    author = {John Fox and Sanford Weisberg},
    year = {2019},
    publisher = {Sage},
    address = {Thousand Oaks {CA}},
    url = {https://socialsciences.mcmaster.ca/jfox/Books/Companion/},
  }
@Manual{ggally,
    title = {GGally: Extension to 'ggplot2'},
    author = {Barret Schloerke and Di Cook and Joseph Larmarange and Francois Briatte and Moritz Ma
rbach and Edwin Thoen and Amos Elberg and Jason Crowley},
    year = {2021},
    note = {R package version 2.1.2},
    url = {https://CRAN.R-project.org/package=GGally},
  } 
@Manual{gridExtra,
    title = {gridExtra: Miscellaneous Functions for "Grid" Graphics},
    author = {Baptiste Auguie},
    year = {2017},
    note = {R package version 2.3},
    url = {https://CRAN.R-project.org/package=gridExtra},
  }
@Book{ggplot,
    author = {Hadley Wickham},
    title = {ggplot2: Elegant Graphics for Data Analysis},
    publisher = {Springer-Verlag New York},
    year = {2016},
    isbn = {978-3-319-24277-4},
    url = {https://ggplot2.tidyverse.org},
  }
